
@article{yu_efficient_2007,
	title = {Efficient index-based {KNN} join processing for high-dimensional data},
	volume = {49},
	issn = {09505849},
	url = {http://linkinghub.elsevier.com/retrieve/pii/S0950584906000772},
	doi = {10.1016/j.infsof.2006.05.006},
	language = {en},
	number = {4},
	urldate = {2015-09-04},
	journal = {Information and Software Technology},
	author = {Yu, Cui and Cui, Bin and Wang, Shuguang and Su, Jianwen},
	month = apr,
	year = {2007},
	pages = {332--344},
	file = {2007InSoft.pdf:/Users/ramz.sivagurunathan/Library/Application Support/Zotero/Profiles/c6htiofk.default/zotero/storage/FGU9EBF4/2007InSoft.pdf:application/pdf}
}

@inproceedings{song_solutions_2015,
	title = {Solutions for {Processing} {K} {Nearest} {Neighbor} {Joins} for {Massive} {Data} on {MapReduce}},
	url = {https://hal.inria.fr/hal-01097337/},
	urldate = {2015-09-04},
	booktitle = {23rd {Euromicro} {International} {Conference} on {Parallel}, {Distributed} and {Network}-based {Processing}},
	author = {Song, Ge and Rochas, Justine and Huet, Fabrice and Magoules, Frédéric},
	year = {2015},
	file = {bare_conf.pdf:/Users/ramz.sivagurunathan/Library/Application Support/Zotero/Profiles/c6htiofk.default/zotero/storage/W8XFTQWM/bare_conf.pdf:application/pdf}
}

@inproceedings{vernica_efficient_2010,
	title = {Efficient parallel set-similarity joins using {MapReduce}},
	url = {http://dl.acm.org/citation.cfm?id=1807222},
	urldate = {2015-09-04},
	booktitle = {Proceedings of the 2010 {ACM} {SIGMOD} {International} {Conference} on {Management} of data},
	publisher = {ACM},
	author = {Vernica, Rares and Carey, Michael J. and Li, Chen},
	year = {2010},
	pages = {495--506},
	file = {efficient parallel set similarity joins sigmod10-p495-vernica-long.pdf:/Users/ramz.sivagurunathan/Library/Application Support/Zotero/Profiles/c6htiofk.default/zotero/storage/28AB53AV/efficient parallel set similarity joins sigmod10-p495-vernica-long.pdf:application/pdf}
}

@inproceedings{kuan_fast_1997,
	title = {Fast k nearest neighbour search for {R}-tree family},
	url = {http://ieeexplore.ieee.org/xpls/abs\_all.jsp?arnumber=652114},
	urldate = {2015-09-04},
	booktitle = {Information, {Communications} and {Signal} {Processing}, 1997. {ICICS}., {Proceedings} of 1997 {International} {Conference} on},
	publisher = {IEEE},
	author = {Kuan, Joseph and Lewis, Paul},
	year = {1997},
	pages = {924--928},
	file = {Fast k nearest neighbour search for R-tree family.pdf:/Users/ramz.sivagurunathan/Library/Application Support/Zotero/Profiles/c6htiofk.default/zotero/storage/G85GAQRV/Fast k nearest neighbour search for R-tree family.pdf:application/pdf}
}

@inproceedings{zhang_efficient_2012,
	title = {Efficient parallel {kNN} joins for large data in {MapReduce}},
	url = {http://dl.acm.org/citation.cfm?id=2247602},
	urldate = {2015-09-04},
	booktitle = {Proceedings of the 15th {International} {Conference} on {Extending} {Database} {Technology}},
	publisher = {ACM},
	author = {Zhang, Chi and Li, Feifei and Jestes, Jeffrey},
	year = {2012},
	pages = {38--49},
	file = {feifeiLi_KNN_MapReduce.pdf:/Users/ramz.sivagurunathan/Library/Application Support/Zotero/Profiles/c6htiofk.default/zotero/storage/N6HUHWPU/feifeiLi_KNN_MapReduce.pdf:application/pdf}
}

@article{yu_high-dimensional_2010,
	title = {High-dimensional {kNN} joins with incremental updates},
	volume = {14},
	issn = {1384-6175, 1573-7624},
	url = {http://link.springer.com/10.1007/s10707-009-0076-5},
	doi = {10.1007/s10707-009-0076-5},
	language = {en},
	number = {1},
	urldate = {2015-09-04},
	journal = {GeoInformatica},
	author = {Yu, Cui and Zhang, Rui and Huang, Yaochun and Xiong, Hui},
	month = jan,
	year = {2010},
	pages = {55--82},
	file = {GEO2009.pdf:/Users/ramz.sivagurunathan/Library/Application Support/Zotero/Profiles/c6htiofk.default/zotero/storage/ITKPMZXZ/GEO2009.pdf:application/pdf}
}

@article{jagadish_idistance:_2005,
	title = {{iDistance}: {An} adaptive {B}+-tree based indexing method for nearest neighbor search},
	volume = {30},
	shorttitle = {{iDistance}},
	url = {http://dl.acm.org/citation.cfm?id=1071612},
	number = {2},
	urldate = {2015-09-04},
	journal = {ACM Transactions on Database Systems (TODS)},
	author = {Jagadish, Hosagrahar V. and Ooi, Beng Chin and Tan, Kian-Lee and Yu, Cui and Zhang, Rui},
	year = {2005},
	pages = {364--397},
	file = {idistance-p364-jagadish.pdf:/Users/ramz.sivagurunathan/Library/Application Support/Zotero/Profiles/c6htiofk.default/zotero/storage/PUVVUS83/idistance-p364-jagadish.pdf:application/pdf}
}

@article{bohm_k-nearest_2004,
	title = {The k-nearest neighbour join: {Turbo} charging the {KDD} process},
	volume = {6},
	shorttitle = {The k-nearest neighbour join},
	url = {http://link.springer.com/article/10.1007/s10115-003-0122-9},
	number = {6},
	urldate = {2015-09-04},
	journal = {Knowledge and Information Systems},
	author = {Böhm, Christian and Krebs, Florian},
	year = {2004},
	pages = {728--749},
	file = {Kais_03.pdf:/Users/ramz.sivagurunathan/Library/Application Support/Zotero/Profiles/c6htiofk.default/zotero/storage/77E8U4RT/Kais_03.pdf:application/pdf}
}

@inproceedings{zhang_nearest_2013,
	title = {Nearest group queries},
	url = {http://dl.acm.org/citation.cfm?id=2484866},
	urldate = {2015-09-04},
	booktitle = {Proceedings of the 25th {International} {Conference} on {Scientific} and {Statistical} {Database} {Management}},
	publisher = {ACM},
	author = {Zhang, Dongxiang and Chan, Chee-Yong and Tan, Kian-Lee},
	year = {2013},
	pages = {7},
	file = {kng.pdf:/Users/ramz.sivagurunathan/Library/Application Support/Zotero/Profiles/c6htiofk.default/zotero/storage/QHQCGHPN/kng.pdf:application/pdf}
}

@inproceedings{haghani_lsh_2008,
	title = {{LSH} {At} {Large}-{Distributed} {KNN} {Search} in {High} {Dimensions}.},
	url = {http://www.researchgate.net/profile/Philippe_Cudre-Mauroux/publication/221035485_LSH_At_Large_-_Distributed_KNN_Search_in_High_Dimensions/links/00463525d09c9427c8000000.pdf},
	urldate = {2015-09-04},
	booktitle = {{WebDB}},
	author = {Haghani, Parisa and Michel, Sebastian and Cudré-Mauroux, Philippe and Aberer, Karl},
	year = {2008},
	file = {LSH At Large Distributed KNN Search in HIgh dimensions.pdf:/Users/ramz.sivagurunathan/Library/Application Support/Zotero/Profiles/c6htiofk.default/zotero/storage/XC9F5N4K/LSH At Large Distributed KNN Search in HIgh dimensions.pdf:application/pdf}
}

@inproceedings{kiefer_pairwise_2010,
	title = {Pairwise element computation with {MapReduce}},
	url = {http://dl.acm.org/citation.cfm?id=1851595},
	urldate = {2015-09-04},
	booktitle = {Proceedings of the 19th {ACM} {International} {Symposium} on {High} {Performance} {Distributed} {Computing}},
	publisher = {ACM},
	author = {Kiefer, Tim and Volk, Peter Benjamin and Lehner, Wolfgang},
	year = {2010},
	pages = {826--833},
	file = {mapreduce_pairwise_distance_kvl10.pdf:/Users/ramz.sivagurunathan/Library/Application Support/Zotero/Profiles/c6htiofk.default/zotero/storage/B2BKFCTE/mapreduce_pairwise_distance_kvl10.pdf:application/pdf}
}

@article{lu_efficient_2012,
	title = {Efficient processing of k nearest neighbor joins using mapreduce},
	volume = {5},
	url = {http://dl.acm.org/citation.cfm?id=2336674},
	number = {10},
	urldate = {2015-09-04},
	journal = {Proceedings of the VLDB Endowment},
	author = {Lu, Wei and Shen, Yanyan and Chen, Su and Ooi, Beng Chin},
	year = {2012},
	pages = {1016--1027},
	file = {Lu et al. - 2012 - Efficient processing of k nearest neighbor joins u.pdf:/Users/ramz.sivagurunathan/Library/Application Support/Zotero/Profiles/c6htiofk.default/zotero/storage/KCAARQZX/Lu et al. - 2012 - Efficient processing of k nearest neighbor joins u.pdf:application/pdf}
}

@inproceedings{stupar_rankreduceprocessing_2010,
	title = {{RankReduceprocessing} k-nearest neighbor queries on top of {MapReduce}},
	url = {http://www.csd.uoc.gr/~hy562/local\_copy/BigData/Finding\_Similar\_Items/rankreduce2010.pdf},
	urldate = {2015-09-04},
	booktitle = {Proceedings of the 8th {Workshop} on {Large}-{Scale} {Distributed} {Systems} for {Information} {Retrieval}},
	author = {Stupar, Aleksandar and Michel, Sebastian and Schenkel, Ralf},
	year = {2010},
	pages = {13--18},
	file = {rankreduce2010.pdf:/Users/ramz.sivagurunathan/Library/Application Support/Zotero/Profiles/c6htiofk.default/zotero/storage/32USWDN5/rankreduce2010.pdf:application/pdf}
}

@inproceedings{xia_gorder:_2004,
	title = {Gorder: an efficient method for {KNN} join processing},
	shorttitle = {Gorder},
	url = {http://dl.acm.org/citation.cfm?id=1316755},
	urldate = {2015-09-04},
	booktitle = {Proceedings of the {Thirtieth} international conference on {Very} large data bases-{Volume} 30},
	publisher = {VLDB Endowment},
	author = {Xia, Chenyi and Lu, Hongjun and Ooi, Beng Chin and Hu, Jing},
	year = {2004},
	pages = {756--767},
	file = {RS20P2.PDF:/Users/ramz.sivagurunathan/Library/Application Support/Zotero/Profiles/c6htiofk.default/zotero/storage/N88FRI8T/RS20P2.PDF:application/pdf}
}

@article{metwally_v-smart-join:_2012,
	title = {V-smart-join: {A} scalable mapreduce framework for all-pair similarity joins of multisets and vectors},
	volume = {5},
	shorttitle = {V-smart-join},
	url = {http://dl.acm.org/citation.cfm?id=2212353},
	number = {8},
	urldate = {2015-09-04},
	journal = {Proceedings of the VLDB Endowment},
	author = {Metwally, Ahmed and Faloutsos, Christos},
	year = {2012},
	pages = {704--715},
	file = {vsmart join.pdf:/Users/ramz.sivagurunathan/Library/Application Support/Zotero/Profiles/c6htiofk.default/zotero/storage/WDA8ITIQ/vsmart join.pdf:application/pdf}
}

@inproceedings{akdogan_voronoi-based_2010,
	title = {Voronoi-{Based} {Geospatial} {Query} {Processing} with {MapReduce}},
	isbn = {978-1-4244-9405-7},
	url = {http://ieeexplore.ieee.org/lpdocs/epic03/wrapper.htm?arnumber=5708428},
	doi = {10.1109/CloudCom.2010.92},
	urldate = {2015-09-04},
	publisher = {IEEE},
	author = {Akdogan, Afsin and Demiryurek, Ugur and Banaei-Kashani, Farnoush and Shahabi, Cyrus},
	month = nov,
	year = {2010},
	pages = {9--16},
	file = {vornoi based geosparial query IEEE_Cloud_Computing_2010.pdf:/Users/ramz.sivagurunathan/Library/Application Support/Zotero/Profiles/c6htiofk.default/zotero/storage/NW845865/vornoi based geosparial query IEEE_Cloud_Computing_2010.pdf:application/pdf}
}

@article{har-peled_approximate_2012,
	title = {Approximate {Nearest} {Neighbor}: {Towards} {Removing} the {Curse} of {Dimensionality}.},
	volume = {8},
	shorttitle = {Approximate {Nearest} {Neighbor}},
	url = {http://crowdsourcing-class.org/readings/downloads/twitter/approximate-nearest-neighbors.pdf},
	number = {1},
	urldate = {2015-09-04},
	journal = {Theory of computing},
	author = {Har-Peled, Sariel and Indyk, Piotr and Motwani, Rajeev},
	year = {2012},
	pages = {321--350},
	file = {approximate-nearest-neighbors.pdf:/Users/ramz.sivagurunathan/Library/Application Support/Zotero/Profiles/c6htiofk.default/zotero/storage/NQ4CU7RN/approximate-nearest-neighbors.pdf:application/pdf}
}

@article{elseberg_comparison_2012,
	title = {Comparison of nearest-neighbor-search strategies and implementations for efficient shape registration},
	volume = {3},
	url = {http://www.researchgate.net/profile/Andreas_Nuchter/publication/233792571_Comparison_on_nearest-neigbour-search_strategies_and_implementations_for_efficient_shape_registration/links/0912f50b8bb8590953000000.pdf},
	number = {1},
	urldate = {2015-09-04},
	journal = {Journal of Software Engineering for Robotics},
	author = {Elseberg, Jan and Magnenat, Stéphane and Siegwart, Roland and Nüchter, Andreas},
	year = {2012},
	pages = {2--12},
	file = {comparison of nn for shape registration joser2012.pdf:/Users/ramz.sivagurunathan/Library/Application Support/Zotero/Profiles/c6htiofk.default/zotero/storage/WIX8FVI6/comparison of nn for shape registration joser2012.pdf:application/pdf}
}

@inproceedings{yao_k_2010,
	title = {K nearest neighbor queries and knn-joins in large relational databases (almost) for free},
	url = {http://ieeexplore.ieee.org/xpls/abs\_all.jsp?arnumber=5447837},
	urldate = {2015-09-05},
	booktitle = {Data engineering ({ICDE}), 2010 {IEEE} 26th international conference on},
	publisher = {IEEE},
	author = {Yao, Bin and Li, Feifei and Kumar, Piyush},
	year = {2010},
	pages = {4--15},
	file = {KNN Joins in Large Relational DB.pdf:/Users/ramz.sivagurunathan/Library/Application Support/Zotero/Profiles/c6htiofk.default/zotero/storage/FGPRUI7B/KNN Joins in Large Relational DB.pdf:application/pdf}
}

@misc{_hadoop_mr,
	title = {Hadoop {Mapreduce}},
	url = {http://hadoop.apache.org/}
}

@misc{_apache_spark,
	title = {Apache {Spark}},
	url = {http://spark.apache.org/}
}

@misc{_hadoop_mr_arch,
	title = {Hadoop {Mapreduce}},
	url = {http://escience.washington.edu/get-help-now/what-hadoop}
}

@incollection{beyer_when_1999,
	title = {When is “nearest neighbor” meaningful?},
	url = {http://link.springer.com/chapter/10.1007/3-540-49257-7\_15},
	urldate = {2015-09-06},
	booktitle = {Database {Theory}—{ICDT}’99},
	publisher = {Springer},
	author = {Beyer, Kevin and Goldstein, Jonathan and Ramakrishnan, Raghu and Shaft, Uri},
	year = {1999},
	pages = {217--235},
	file = {when is nn meaningful.pdf:/Users/ramz.sivagurunathan/Library/Application Support/Zotero/Profiles/c6htiofk.default/zotero/storage/KB2CQ2VC/when is nn meaningful.pdf:application/pdf}
}
